<record xmlns='http://www.loc.gov/MARC21/slim'><leader>01135cam a22002771  4500</leader><controlfield tag='001'>a2974643</controlfield><controlfield tag='003'>SIRSI</controlfield><controlfield tag='005'>20170211050002.0</controlfield><controlfield tag='008'>841006s1902    enkaf         000 0 eng  </controlfield><datafield ind1=' ' ind2=' ' tag='010'><subfield code='a'>   03006464</subfield></datafield><datafield ind1=' ' ind2=' ' tag='035'><subfield code='a'>(OCoLC-M)11237106</subfield></datafield><datafield ind1=' ' ind2=' ' tag='035'><subfield code='a'>(OCoLC-I)275103250</subfield></datafield><datafield ind1=' ' ind2=' ' tag='040'><subfield code='a'>DLC</subfield><subfield code='c'>DVP</subfield><subfield code='d'>CSt-H</subfield><subfield code='d'>OrLoB</subfield></datafield><datafield ind1=' ' ind2=' ' tag='043'><subfield code='a'>f-ua---</subfield></datafield><datafield ind1=' ' ind2=' ' tag='050'><subfield code='a'>DT70</subfield><subfield code='b'>.L27 1902</subfield></datafield><datafield ind1='1' ind2=' ' tag='100'><subfield code='a'>Lane, Edward William,</subfield><subfield code='d'>1801-1876.</subfield><subfield code=' '>^A28310</subfield></datafield><datafield ind1='1' ind2='3' tag='245'><subfield code='a'>An account of the manners and customs of the modern Egyptians;</subfield><subfield code='b'>written in Egypt during the years 1833-1835,</subfield><subfield code='c'>by Edward William Lane... with eighty illustrations and sixteen full-page engravings, and biographical notice of the author.</subfield></datafield><datafield ind1=' ' ind2=' ' tag='260'><subfield code='a'>London, New York [etc]</subfield><subfield code='b'>Ward, Lock and co., limited</subfield><subfield code='c'>[1902]</subfield></datafield><datafield ind1=' ' ind2=' ' tag='300'><subfield code='a'>xxiv, 552 p.</subfield><subfield code='b'>front., illus.,</subfield><subfield code='c'>20 cm.</subfield></datafield><datafield ind1=' ' ind2=' ' tag='500'><subfield code='a'>With music.</subfield></datafield><datafield ind1=' ' ind2=' ' tag='500'><subfield code='a'>First edition 1836.</subfield></datafield><datafield ind1=' ' ind2=' ' tag='596'><subfield code='a'>20</subfield></datafield><datafield ind1=' ' ind2='0' tag='650'><subfield code='a'>Ethnology</subfield><subfield code='z'>Egypt.</subfield><subfield code=' '>^A1015815</subfield></datafield><datafield ind1=' ' ind2='0' tag='651'><subfield code='a'>Egypt</subfield><subfield code='x'>Social life and customs.</subfield><subfield code=' '>^A1013269</subfield></datafield><datafield ind1=' ' ind2=' ' tag='916'><subfield code='a'>DATE CATALOGED</subfield><subfield code='b'>19950302</subfield></datafield><datafield ind1=' ' ind2=' ' tag='999'><subfield code='a'>DT70 .L265A</subfield><subfield code='w'>LC</subfield><subfield code='c'>1</subfield><subfield code='i'>36105083120969</subfield><subfield code='d'>11/21/2008</subfield><subfield code='e'>11/13/2008</subfield><subfield code='l'>SAL-PAGE</subfield><subfield code='m'>SAL</subfield><subfield code='r'>Y</subfield><subfield code='s'>Y</subfield><subfield code='t'>STKS-MONO</subfield><subfield code='u'>3/2/1995</subfield><subfield code='z'>DIGI-SENT</subfield></datafield></record>